% book
% Required fields: author or editor, title, publisher, year. 
% Optional fields: volume or number, series, address, edition, month, note.
@book{coulouris,
  author = {Coulouris  G.  F.,  Dollimore J. e  Kindberg T},
  title = {Distributed Systems: concepts and Design},
  publisher = {Addison-Wesley},
  year = {1994},
  edition = "second edition"

}

% article
% Required fields: author, title, journal, year. 
% Optional fields: volume, number, pages, month, note.
@article{donoho,
  author = {Donoho D. L.},
  title = {Compressed Sensing},
  journal = {IEEE Trans. Inf. Theory},
  volume = {52},
  number = {4},
  pages = {1289-1306},
  year = {2006}
}

% conference
% same as inproceedings
% Required fields: author, title, booktitle, year. 
% Optional fields: editor, volume or number, series, pages, address, month, organization, publisher, note
@conference{dalal,
  author = {Dalal N., Triggs B.},
  title = {Histograms of Oriented Gradients for Human Detection},
  booktitle = {Computer Vision and Pattern Recognition (CVPR)},
  address = {San Diego, USA},
  year = {2005},
  month = {20-26 June},
  pages = {886-893}
}

% website
% as misc
% Required fields: none. 
% Optional fields: author, title, howpublished, month, year, note.
@misc{ictbusiness,
  title = {ICT business},
  howpublished = {http://www.ictbusiness.it/},
  note = {ultimo accesso 15/06/2015}
}

% CIT SERIE

@article{cotunneling,
  title = {Cotunneling in pairs of coupled flux qubits},
  author = {Lanting, T. and Harris, R. and Johansson, J. and Amin, M. H. S. and Berkley, A. J. and Gildert, S. and Johnson, M. W. and Bunyk, P. and Tolkacheva, E. and Ladizinsky, E. and Ladizinsky, N. and Oh, T. and Perminov, I. and Chapple, E. M. and Enderud, C. and Rich, C. and Wilson, B. and Thom, M. C. and Uchaikin, S. and Rose, G.},
  journal = {Phys. Rev. B},
  volume = {82},
  issue = {6},
  pages = {060512},
  numpages = {4},
  year = {2010},
  month = {Aug},
  publisher = {American Physical Society},
  doi = {10.1103/PhysRevB.82.060512},
  url = {https://link.aps.org/doi/10.1103/PhysRevB.82.060512}
}

@InProceedings{StefanoPaperQuantum,
author="Bian, Zhengbing
and Chudak, Fabian
and Macready, William
and Roy, Aidan
and Sebastiani, Roberto
and Varotti, Stefano",
editor="Dixon, Clare
and Finger, Marcelo",
title="Solving SAT and MaxSAT with a Quantum Annealer: Foundations and a Preliminary Report",
booktitle="Frontiers of Combining Systems",
year="2017",
publisher="Springer International Publishing",
address="Cham",
pages="153--171",
abstract="Quantum annealers (QA) are specialized quantum computers that minimize objective functions over discrete variables by physically exploiting quantum effects. Current QA platforms allow for the optimization of quadratic objectives defined over binary variables, that is, they solve quadratic unconstrained binary optimization (QUBO) problems. In the last decade, QA systems as implemented by D-Wave have scaled with Moore-like growth. Current architectures provide 2048 sparsely-connected qubits, and continued exponential growth is anticipated.",
isbn="978-3-319-66167-4"
}

 @misc{Dwave, title={D-Wave: The Quantum Computing Company}, note={\textit{https://www.dwavesys.com}}} 

@misc{cp2omt,
    title={From MiniZinc to Optimization Modulo Theories, and Back (Extended Version)},
    author={Francesco Contaldo and Patrick Trentin and Roberto Sebastiani},
    year={2019},
    eprint={1912.01476},
    archivePrefix={arXiv},
    primaryClass={cs.LO}
}

 @misc{barcelogic, note={https://barcelogic.com/en/}, title={Barcelogic}} 
 
  @misc{z3prover, title={Z3Prover/z3}, note={https://github.com/Z3Prover/z3}, journal={GitHub}, author={Z3Prover}} 
  
 @misc{GPL, title={GNU General Public License}, note={https://www.gnu.org/licenses/gpl-3.0.html}, journal={&nbsp;[A GNU head]&nbsp;}} 
 
 @InProceedings{varotti,
author="Bian, Zhengbing
and Chudak, Fabian
and Macready, William
and Roy, Aidan
and Sebastiani, Roberto
and Varotti, Stefano",
editor="Dixon, Clare
and Finger, Marcelo",
title="Solving SAT and MaxSAT with a Quantum Annealer: Foundations and a Preliminary Report",
booktitle="Frontiers of Combining Systems",
year="2017",
publisher="Springer International Publishing",
address="Cham",
pages="153--171",
abstract="Quantum annealers (QA) are specialized quantum computers that minimize objective functions over discrete variables by physically exploiting quantum effects. Current QA platforms allow for the optimization of quadratic objectives defined over binary variables, that is, they solve quadratic unconstrained binary optimization (QUBO) problems. In the last decade, QA systems as implemented by D-Wave have scaled with Moore-like growth. Current architectures provide 2048 sparsely-connected qubits, and continued exponential growth is anticipated.",
isbn="978-3-319-66167-4"
}

